@misc{
  00000001,
    author = {SHTSoft.EU},
    title = {{Category Theory in the Context of Physics}},
    year = {2023},
    month = {March},
    howpublished = {\url{https://github.com/shtsoft/catctxphy/releases/v0.1.0/download/paper.pdf}}
}
@misc{
  0349e8ea,
  author={Lurie, J.},
  title={{Higher Topos Theory}},
  year={2017},
  month={April},
  howpublished={\url{http://www.math.harvard.edu/~lurie/papers/highertopoi.pdf}},
  note={Self-Published e-Print}
}
%  publisher={Princeton University Press},
%  address={Princeton},
@misc{
  0a816f4c,
  author={Carqueville, N. and Runkel, I.},
  title={{Introductory Lectures on Topological Quantum Field Theory}},
  year={2017},
  month={May},
  howpublished={\url{https://arxiv.org/abs/1705.05734v1}},
  note={ArXiv e-Prints}
}
@book{
  1a21f4c7,
  author={Greenberg, M. J. and Harper, J. R.},
  title={Algebraic Topology},
  year={1981},
  publisher={Benjamin/Cummings Publishing Co.},
  address={Reading}
}
@misc{
  222239ff,
  author={Sawin, S.},
  title={{Direct Sum Decompositions and Indecomposable TQFT's}},
  year={1995},
  month={May},
  howpublished={\url{https://arxiv.org/abs/q-alg/9505026v1}},
  note={ArXiv e-Prints}
}
@misc{
  29781dd2,
  author={Calaque, D. and Scheimbauer, C.},
  title={{A Note on the $(\infty,n)$-Category of Bordisms}},
  year={2018},
  month={May},
  howpublished={\url{https://arxiv.org/abs/1509.08906v2}},
  note={ArXiv e-Prints}
}
@article{
  2e88d460,
  author={Freed, D. S.},
  title={{Classical Chern-Simons Theory, Part 2}},
  year={2002},
  journal={Houston Journal of Mathematics}
}
@misc{
  35c5a183,
  author={Werndli, K.},
  title={{Homology Theory}},
  year={2009},
  month={December},
  howpublished={\url{http://sma.epfl.ch/~werndli/sripts/homology/homology.pdf}},
  note={Self-Published e-Print}
}
@phdthesis{
  47e8603a,
  author={Zhao, Y.},
  title={Extended Topological Field Theories and the Cobordism Hypothesis},
  year={2013},
  note={\url{http://algant.eu/documents/theses/zhao.pdf}},
  type={{Master Thesis}},
  school={Universit\'e Paris XI (Paris-Sud) and Universit\'a degli studi di Padova}
}
@misc{
  4dc38f27,
  author={Mitchell, S. A.},
  title={{Notes on Principal Bundles and Classifying Spaces}},
  year={2011},
  month={June},
  howpublished={\url{https://sites.math.washington.edu/~mitchell/Notes/prin.pdf}},
  note={Self-Published e-Print}
}
@misc{
  5175de60,
  author={Etingof, P. and Genaki, S. and Nikshych, D. and Ostrik, V.},
  title={{Tensor Categories}},
  year={2016},
  month={August},
  howpublished={\url{http://www-math.mit.edu/~etingof/egnobookfinal.pdf}},
  note={Self-Published e-Print}
}
%  publisher={American Mathematical Society},
%  address={Providence}
@misc{
  52fbba46,
  author={Riehl, E.},
  title={{Category Theory in Context}},
  year={2014},
  month={January},
  howpublished={\url{http://www.math.jhu.edu/~eriehl/context.pdf}},
  note={Self-Published e-Print}
}
%  publisher={Dover Publications},
%  address={Mineola}
@misc{
  53686c5f,
  author={Freed, D. S.},
  title={{Classical Chern-Simons Theory, Part 1}},
  year={1992},
  month={June},
  howpublished={\url{https://arxiv.org/abs/hep-th/9206021}},
  note={ArXiv e-Prints}
}
@misc{
  53e76732,
  author={Riehl, E. and Verity, D.},
  title={{Elements of $\infty$-Category Theory}},
  year={2019},
  month={February},
  howpublished={\url{http://www.math.jhu.edu/~eriehl/elements.pdf}},
  note={Self-Published e-Print}
}
@book{
  642a16a4,
  author={Marsden, J. E. and Ratiu, T. and Abraham, R.},
  title={Manifolds, Tensor Analysis, and Applications},
  year={2002},
  publisher={Springer},
  address={New York}
}
@unpublished{
  64bee405,
  author={Allegretti, D. G. L.},
  title={{Notes on Topological Quantum Field Theory}},
  year={2015},
  note={Not-Published e-Print}
}
@misc{
  6f59ab3c,
  author={Barwick, C. and Schommer-Pries, C.},
  title={{On the Unicity of the Theory of Higher Categories}},
  year={2018},
  month={August},
  howpublished={\url{https://arxiv.org/abs/1112.0040v5}},
  note={ArXiv e-Prints}
}
@book{
  797789bc,
  author={Isham, C., J.},
  title={Modern Differential Geometry for Physicists},
  year={2001},
  publisher={World Scientific Publishing},
  address={Singapore}
}
@misc{
  8b5861fc,
  author={Hatcher, A.},
  title={{Algebraic Topology}},
  year={2001},
  month={December},
  howpublished={\url{https://www.math.cornell.edu/~hatcher/AT/AT.pdf}},
  note={Self-Published e-Print}
}
%  publisher={Cambridge University Press},
%  address={New York}
@misc{
  904e5e6a,
  author={Juh\'asz, A.},
  title={{Defining and Classifying TQFTs via Surgery}},
  year={2017},
  month={September},
  howpublished={\url{https://arxiv.org/abs/1408.0668v6}},
  note={ArXiv e-Prints}
}
@misc{
  9094cf60,
  author={Lurie, J.},
  title={{$(\infty,2)$-Categories and the Goodwillie Calculus I}},
  year={2009},
  month={May},
  howpublished={\url{https://arxiv.org/abs/0905.0462v2}},
  note={ArXiv e-Prints}
}
@misc{
  9efde335,
  author={Bartlett, B.},
  title={{Categorical Aspects of Topological Quantum Field Theory}},
  year={2005},
  month={December},
  howpublished={\url{https://arxiv.org/abs/math/0512103v1}},
  note={ArXiv e-Prints}
}
@misc{
  a9a08fe2,
  author={Joyce, D.},
  title={{On manifolds with corners}},
  year={2010},
  month={October},
  howpublished={\url{https://arxiv.org/abs/0910.3518v2}},
  note={ArXiv e-Prints}
}
@book{
  ad05eef9,
  author={Bredon, G. E.},
  title={Topology and Geometry},
  year={1993},
  publisher={Springer},
  address={New York}
}
@misc{
  bbecba23,
  author={Henriques, A.},
  title={{What Chern-Simons Theory assigns to a point}},
  year={2017},
  month={June},
  howpublished={\url{https://arxiv.org/abs/1503.06254v2}},
  note={ArXiv e-Print}
}
@book{
  bf5195ee,
  author={Kock, J.},
  title={Frobenius Algebras and 2D Topological Quantum Field Theories},
  year={2003},
  publisher={Cambridge University Press},
  address={Cambridge}
}
@book{
  c75138fd,
  author={Dold, A.},
  title={Lectures on Algebraic Topology},
  year={1995},
  publisher={Springer},
  address={Heidelberg}
}
@misc{
  c7f15065,
  author={Hatcher, A.},
  title={{Vector Bundles and K-Theory}},
  year={2003},
  month={January},
  howpublished={\url{https://www.math.cornell.edu/~hatcher/VBKT/VB.pdf}},
  note={Self-Published e-Print}
}
@misc{
  cc6d78b5,
  author={Baez, J. C. and Dolan, J.},
  title={{Higher-Dimensional Algebra and Topological Quantum Field Theory}},
  year={2004},
  month={March},
  howpublished={\url{https://arxiv.org/abs/q-alg/9503002v2}},
  note={ArXiv e-Prints}
}
@misc{
  d37d0fca,
  author={Schommer-Pries, C. J.},
  title={{The Classification of Two-Dimensional Extended Topological Field Theories}},
  year={2014},
  month={August},
  howpublished={\url{https://arxiv.org/abs/1112.1000v2}},
  note={ArXiv e-Prints}
}
@misc{
  d86ac73d,
  author={Freed, D. S. and Hopkins, M. J. and Lurie, J. and Teleman, C.},
  title={{Topological Quantum Field Theories from Compact Lie Groups}},
  year={2009},
  month={June},
  howpublished={\url{https://arxiv.org/abs/0905.0731v2}},
  note={ArXiv e-Prints}
}
@misc{
  dfcdc48c,
  author={Lurie, J.},
  title={{On the Classification of Topological Quantum Field Theories}},
  year={2009},
  month={May},
  howpublished={\url{https://arxiv.org/abs/0905.0465v1}},
  note={ArXiv e-Prints}
}
@book{
  e6be9f07,
  author={Milnor, J.},
  title={Morse Theory},
  year={1963},
  publisher={Princeton University Press},
  address={Princeton}
}
@book{
  e837ef86,
  author={Mac Lane, S.},
  title={Categories for the Working Mathematician},
  year={1971},
  publisher={Springer},
  address={New York}
}
@misc{
  ed7cdc89,
  author={Freed, D. S.},
  title={{Remarks on Chern-Simons Theory}},
  year={2008},
  month={October},
  howpublished={\url{https://arxiv.org/abs/0808.2507v2}},
  note={ArXiv e-Prints}
}
@misc{
  ee9a1449,
  author={Moore, G. W. and Segal, G.},
  title={{D-branes and K-theory in 2D topological field theory}},
  year={2006},
  month={September},
  howpublished={\url{https://arxiv.org/hep-th/0609042v1}},
  note={ArXiv e-Prints}
}
@book{
  f215dbd0,
  author={Husem\"{o}ller, D.},
  title={Fiber Bundles},
  year={1994},
  publisher={Springer},
  address={New York}
}
@misc{
  f3c68a99,
  author={Bergner, J. E.},
  title={{A Survey of Models for $(\infty,n)$-Categories}},
  year={2018},
  month={October},
  howpublished={\url{https://arxiv.org/abs/1810.10052v1}},
  note={ArXiv e-Prints}
}
@misc{
  wiki-map00000,
  author={Manifold Atlas Project},
  title={{A Scientific Wiki and an Online Journal, the Bulletin of the Manifold Atlas}},
  howpublished={\url{http://www.map.mpim-bonn.mpg.de}},
  note={Search for Definitions Occuring in This e-print}
}
@misc{
  wiki-nlab0000,
  author={nLab},
  title={{A Wiki-Lab for Collaborative Work on Mathematics, Physics and Philosophy}},
  howpublished={\url{https://ncatlab.org}},
  note={Search for Definitions Occuring in This e-print}
}
@misc{
  wiki-pedia0en,
  author={Wikipedia},
  title={{The Free Encyclopedia}},
  howpublished={\url{https://en.wikipedia.org}},
  note={Search for Definitions Occuring in This e-print}
}
