@misc{
  tqft,
    author = {SHTSoft.EU},
    title = {{Ordinary TQFTs and Close Encounters of the Higher Kind}},
    year = {2023},
    month = {August},
    howpublished = {\url{https://github.com/shtsoft/tqft/releases/v0.1.0/download/paper.pdf}}
}
